@incollection{conte2003comparison,
	title={A comparison of three maximum common subgraph algorithms
		on a large database of labeled graphs},
	author={Conte, Donatello and Guidobaldi, Corrado and Sansone, Carlo},
	booktitle={Graph Based Representations in Pattern Recognition},
	pages={130--141},
	year={2003},
	publisher={Springer}
}

@inproceedings{xu2006automatic,
	title={Automatic structure detection for popular music},
	author={Xu, Changsheng and Maddage, Namunu C and Kankanhalli, Mohan S},
	booktitle={Ieee Multimedia},
	year={2006}
}

@article{burton1999generation,
	title={Generation of musical sequences with genetic techniques},
	author={Burton, Anthony R and Vladimirova, Tanya},
	journal={Computer Music Journal},
	volume={23},
	number={4},
	pages={59--73},
	year={1999},
	publisher={MIT Press}
}

@article{mozer1994neural,
	title={Neural network music composition by prediction:
		Exploring the benefits of psychoacoustic constraints
		and multi-scale processing},
	author={Mozer, Michael C},
	journal={Connection Science},
	volume={6},
	number={2-3},
	pages={247--280},
	year={1994},
	publisher={Taylor \& Francis}
}

@article{raymond2002,
	title={Maximum common subgraph isomorphism algorithms for the matching
		of chemical structures},
	author={Raymond, John W and Willett, Peter},
	journal={Journal of computer-aided molecular design},
	volume={16},
	number={7},
	pages={521--533},
	year={2002},
	publisher={Springer}
}

@misc{wiki:melody,
	author = {{Wikipedia}},
	title = "Melody -- {W}ikipedia{,} The Free Encyclopedia",
	year = "2014",
	note = {Available at \url{http://en.wikipedia.org/wiki/Melody}, 02/11/2014}
}

@misc{wiki:note,
	author = {{Wikipedia}},
	title = "Note -- {W}ikipedia{,} The Free Encyclopedia",
	year = "2014",
	note = {Available at \url{http://en.wikipedia.org/wiki/Note}, 02/11/2014}
}

@misc{wiki:polyphony,
	author = {{Wikipedia}},
	title = "Polyphony -- {W}ikipedia{,} The Free Encyclopedia",
	year = "2014",
	note = {Available at \url{http://en.wikipedia.org/wiki/Polyphony}, 02/11/2014}
}

@misc{wiki:musicocr,
	author = {{Wikipedia}},
	title = "Music OCR -- {W}ikipedia{,} The Free Encyclopedia",
	year = "2014",
	note = {Available at \url{http://en.wikipedia.org/wiki/Music_OCR}, 02/11/2014}
}

@article{mcgregor1982,
	title={Backtrack search algorithms and the maximal
		common subgraph problem},
	author={McGregor, James J},
	journal={Software: Practice and Experience},
	volume={12},
	number={1},
	pages={23--34},
	year={1982},
	publisher={Wiley Online Library}
}

@misc{antmusic,
	author = {{Eric Thul}},
	title = "Modeling Music: Graph Construction and Application",
	year = "2006",
	note = {Available at \url{http://www.cs.mcgill.ca/~ethul/pub/course/comp560/music-graph-model-pres.pdf}, 30/11/2014}
}
